@inproceedings{lio,
	author = "Stefan, Deian and Russo, Alejandro and Mitchell, John C. and Mazi{\`e}res, David",
	booktitle = "{Haskell Symposium}",
	month = "September",
	organization = "ACM SIGPLAN",
	title = "{Flexible Dynamic Information Flow Control in {Haskell}}",
	year = "2011"
}
